<?xml version='1.0' encoding='UTF-8'?>
<record xmlns="http://www.loc.gov/MARC21/slim">
  <leader>01262cam a2200241 a 4500</leader>
  <controlfield tag="001">843899</controlfield>
  <controlfield tag="003">NjP</controlfield>
  <controlfield tag="005">20170605130551.0</controlfield>
  <controlfield tag="008">931026s1950    ir      r     000 0 ara d</controlfield>
  <datafield tag="024" ind1="7" ind2=" ">
    <subfield code="a">princeton_aco002919</subfield>
    <subfield code="2">local</subfield>
  </datafield>
  <datafield ind1=" " ind2=" " tag="035">
    <subfield code="a">(OCoLC)29274797</subfield>
  </datafield>
  <datafield ind1=" " ind2=" " tag="035">
    <subfield code="a">(CStRLIN)NJPG93-B58123</subfield>
  </datafield>
  <datafield ind1=" " ind2=" " tag="035">
    <subfield code="9">AEG2042TS</subfield>
  </datafield>
  <datafield ind1=" " ind2=" " tag="040">
    <subfield code="a">NjP</subfield>
    <subfield code="c">NjP</subfield>
  </datafield>
  <datafield ind1="1" ind2=" " tag="100">
    <subfield code="a">Ibn al-Rāzī, Jaʻfar ibn Aḥmad,</subfield>
    <subfield code="d">active 10th century.</subfield>
    <subfield code="0">http://id.loc.gov/authorities/names/nr93046229</subfield>
  </datafield>
  <datafield ind1="1" ind2="0" tag="240">
    <subfield code="a">Selections</subfield>
  </datafield>
  <datafield ind1="1" ind2="0" tag="245">
    <subfield code="a">Kitāb jāmiʻ al-aḥādīth ; Kitāb nawādir al-athar fī ʻAlī khayr al-bashar ; Kitāb al-ʻarūs ; Kitāb al-aʻmāl al-māniʻah min dukhūl al-jannah ; Kitāb al-ghāyāt ; Kitāb al-musalsalāt /</subfield>
    <subfield code="c">kulluhā lil-Shaykh Abī Muḥammad Jaʻfar ibn Aḥmad ibn ʻAlī al-Qummī.</subfield>
  </datafield>
  <datafield ind1=" " ind2=" " tag="260">
    <subfield code="a">Tihrān :</subfield>
    <subfield code="b">Chāpkhānah-ʼi Islāmīyah,</subfield>
    <subfield code="c">1369 [1950]</subfield>
  </datafield>
  <datafield ind1=" " ind2=" " tag="300">
    <subfield code="a">116 p. ;</subfield>
    <subfield code="c">20 cm.</subfield>
  </datafield>
  <datafield ind1=" " ind2=" " tag="533">
    <subfield code="a">Photocopy.</subfield>
    <subfield code="b">Princeton, N.J. :</subfield>
    <subfield code="c">Princeton University Library,</subfield>
    <subfield code="c">1993.</subfield>
    <subfield code="e">23 cm.</subfield>
    <subfield code="7">s1950    njun r</subfield>
  </datafield>
  <datafield ind1=" " ind2="0" tag="650">
    <subfield code="a">Islam</subfield>
    <subfield code="x">Early works to 1800.</subfield>
    <subfield code="0">http://id.loc.gov/authorities/subjects/sh2008104957</subfield>
  </datafield>
  <datafield ind1=" " ind2="0" tag="650">
    <subfield code="a">Hadith</subfield>
    <subfield code="x">Early works to 1800.</subfield>
    <subfield code="0">http://id.loc.gov/authorities/subjects/sh86008156</subfield>
  </datafield>
  <datafield ind1=" " ind2=" " tag="998">
    <subfield code="a">10/26/93</subfield>
    <subfield code="s">9114</subfield>
    <subfield code="n">NjP</subfield>
    <subfield code="d">10/26/93</subfield>
    <subfield code="c">JEB</subfield>
    <subfield code="b">JEB</subfield>
    <subfield code="i">931026</subfield>
    <subfield code="l">NJPG</subfield>
  </datafield>
  <datafield ind1=" " ind2=" " tag="911">
    <subfield code="a">19931104</subfield>
  </datafield>
  <datafield ind1=" " ind2=" " tag="912">
    <subfield code="a">19931026000000.0</subfield>
  </datafield>
  <datafield ind1="0" ind2="0" tag="852">
    <subfield code="0">961172</subfield>
    <subfield code="b">rcppa</subfield>
    <subfield code="t">2</subfield>
    <subfield code="h">BP160</subfield>
    <subfield code="i">.I262 1950a</subfield>
    <subfield code="x">tr fr arab</subfield>
  </datafield>
  <datafield ind1=" " ind2=" " tag="959">
    <subfield code="a">2000-06-13 00:00:00 -0500</subfield>
  </datafield>
</record>
